%01
@article{MINIXIEEE,
  title={"{Minix over Linux: A User-Space Multiserver Operating System}"},
  author={Pablo Pessolani and Oscar Jara},
  journal={Computing System Engineering (SBESC), Brazil},
  year={December, 2011},
  publisher={IEEE}
}





%%%%%%%%%%%%%%%%%%%%%%%%%%%%%%%%%%%%%%%%%%%%%%%%%%%%%%%%%%%%%%%%%%%%%%%%%%%%%%%%
% For more information, see:                                                   %
% "LaTeX-Kompendium: Zitieren mit BibTeX"                                      %
% https://de.wikibooks.org/wiki/LaTeX-Kompendium:_Zitieren_mit_BibTeX          %
%%%%%%%%%%%%%%%%%%%%%%%%%%%%%%%%%%%%%%%%%%%%%%%%%%%%%%%%%%%%%%%%%%%%%%%%%%%%%%%%
